
@book{lipson1963,
  title={Handbook of stress and strength: design and material applications},
  author={Lipson, Charles and Juvinall, Robert C},
  year={1963},
  publisher={Macmillan}
}

@article{robert2006,
  title={Machine design an integrated approach},
  author={Robert, L Norton},
  journal={Pearson Prentice Hall Publishers, USA},
  year={2006}
}

@article{juvinall1983,
  doi = {10.1115/1.3258522},
  year = 1983,
  publisher = {{ASME} International},
  volume = {105},
  number = {4},
  pages = {607},
  author = {R. C. Juvinall and H. Saunders},
  title = {Fundamentals of Machine Component Design},
  journal = {Journal of Mechanisms Transmissions and Automation in Design}
}
@article{joseph2001,
  title={Mechanical engineering design},
  author={Joseph, Edward Shigley and Charles, R Mischke and Richard, G BUDYNAS},
  journal={Mc Graw Hill},
  year={2001}
}

@article{howard1967,
  doi = {10.1017/s0001924000056074},
  year = {1967},
  month = {mar},
  publisher = {Cambridge University Press},
  volume = {71},
  number = {675},
  pages = {227},
  author = {H. B. Howard},
  title = {The Safety of Structures. Sir Alfred Pugsley. Edwin Arnold, London. 1966. 156 pp. Diagrams. 36s.},
  journal = {Journal of the Royal Aeronautical Society}
}

@book{pahl2013,
  title={Engineering design: a systematic approach},
  author={Pahl, Gerhard and Beitz, Wolfgang},
  year={2013},
  publisher={Springer Science \& Business Media}
}

@book{deutschman1975,
  title={Machine design: theory and practice},
  author={Deutschman, Aaron D and Michels, Walter J and Wilson, Charles E},
  year={1975},
  publisher={Prentice Hall}
}

@book{clifford2012,
  title={An introduction to mechanical engineering},
  author={Clifford, Michael and Simmons, Kathy and Shipway, Philip},
  year={2012},
  publisher={CRC Press}
}

@book{renoldchain,
  title={Transmission chain -- installation, maintanence \& designer guide},
  author={Anon},
  year={2017},
  publisher={Renold}
}

@article{mahalingam1958,
title = "Polygonal action in chain drives",
journal = "Journal of the Franklin Institute",
volume = "265",
number = "1",
pages = "23 - 28",
year = "1958",
issn = "0016-0032",
doi = "https://doi.org/10.1016/0016-0032(58)90665-3",
url = "http://www.sciencedirect.com/science/article/pii/0016003258906653",
author = "S. Mahalingam"
}

@article{garvin1987,
  title={Competing on the eight dimensions of quality},
  author={Garvin, David},
  journal={Harv. Bus. Rev.},
  pages={101--109},
  year={1987}
}

@article{bremer1947,
  title={Heavy Duty Chain Drives for Marine Propulsion Service},
  author={Bremer, NC},
  journal={Trans, of ASME},
  volume={69},
  pages={441--452},
  year={1947}
}

@article{morrison1952,
  title={Polygonal action in chain drives},
  author={Morrison, RA},
  journal={Machine Design},
  volume={24},
  number={9},
  pages={155--159},
  year={1952}
}